% This file was created with JabRef 2.5.
% Encoding: MS932

@INPROCEEDINGS{Amenta1998,
  author = {Amenta, Nina and Bern, Marshall and Kamvysselis, Manolis},
  title = {A new Voronoi-based surface reconstruction algorithm},
  booktitle = {SIGGRAPH '98: Proceedings of the 25th annual conference on Computer
	graphics and interactive techniques},
  year = {1998},
  pages = {415--421},
  address = {New York, NY, USA},
  publisher = {ACM},
  doi = {http://doi.acm.org/10.1145/280814.280947},
  isbn = {0-89791-999-8},
  owner = {Administrator},
  timestamp = {2009.08.19}
}

@INPROCEEDINGS{Amenta2001,
  author = {Amenta, Nina and Choi, Sunghee and Kolluri, Ravi Krishna},
  title = {The power crust},
  booktitle = {SMA '01: Proceedings of the sixth ACM symposium on Solid modeling
	and applications},
  year = {2001},
  pages = {249--266},
  address = {New York, NY, USA},
  publisher = {ACM},
  doi = {http://doi.acm.org/10.1145/376957.376986},
  isbn = {1-58113-366-9},
  location = {Ann Arbor, Michigan, United States},
  owner = {Administrator},
  timestamp = {2009.08.19}
}


@INPROCEEDINGS{Gold1999,
  author = {Gold, Christopher},
  title = {Crust and anti-crust: a one-step boundary and skeleton extraction
	algorithm},
  booktitle = {SCG '99: Proceedings of the fifteenth annual symposium on Computational
	geometry},
  year = {1999},
  pages = {189--196},
  address = {New York, NY, USA},
  publisher = {ACM},
  doi = {http://doi.acm.org/10.1145/304893.304971},
  isbn = {1-58113-068-6},
  location = {Miami Beach, Florida, United States},
  owner = {Administrator},
  timestamp = {2009.08.19}
}

@INPROCEEDINGS{Hoppe1992,
  author = {Hoppe, Hugues and DeRose, Tony and Duchamp, Tom and McDonald, John
	and Stuetzle, Werner},
  title = {Surface reconstruction from unorganized points},
  booktitle = {SIGGRAPH '92: Proceedings of the 19th annual conference on Computer
	graphics and interactive techniques},
  year = {1992},
  pages = {71--78},
  address = {New York, NY, USA},
  publisher = {ACM},
  doi = {http://doi.acm.org/10.1145/133994.134011},
  isbn = {0-89791-479-1},
  owner = {Administrator},
  timestamp = {2009.08.19}
}

@ARTICLE{Ju2007,
  author = {Ju, Tao and Baker, Matthew L. and Chiu, Wah},
  title = {Computing a family of skeletons of volumetric models for shape description},
  journal = {Computer Aided Design},
  year = {2007},
  volume = {39},
  pages = {352--360},
  number = {5},
  address = {Newton, MA, USA},
  doi = {http://dx.doi.org/10.1016/j.cad.2007.02.006},
  issn = {0010-4485},
  publisher = {Butterworth-Heinemann}
}

@INPROCEEDINGS{Ju2002,
  author = {Ju, Tao and Losasso, Frank and Schaefer, Scott and Warren, Joe},
  title = {Dual contouring of hermite data},
  booktitle = {SIGGRAPH '02: Proceedings of the 29th annual conference on Computer
	graphics and interactive techniques},
  year = {2002},
  pages = {339--346},
  address = {New York, NY, USA},
  publisher = {ACM},
  doi = {http://doi.acm.org/10.1145/566570.566586},
  isbn = {1-58113-521-1},
  location = {San Antonio, Texas},
  owner = {Administrator},
  timestamp = {2009.08.19}
}

@INPROCEEDINGS{Lorensen1987,
  author = {Lorensen, William E. and Cline, Harvey E.},
  title = {Marching cubes: A high resolution 3D surface construction algorithm},
  booktitle = {SIGGRAPH '87: Proceedings of the 14th annual conference on Computer
	graphics and interactive techniques},
  year = {1987},
  pages = {163--169},
  address = {New York, NY, USA},
  publisher = {ACM},
  doi = {http://doi.acm.org/10.1145/37401.37422},
  isbn = {0-89791-227-6},
  owner = {Administrator},
  timestamp = {2009.08.19}
}
