@ONLINE{RSL,
	author = {RSL},
	title = {The Sakai Laboratory},
	url = {http://www.f.waseda.jp/tetsuya/},
	note = {Last updated: 9th March, 2017}
}

@ONLINE{KC,
	author = {Kurohashi and Kawahara Lab},
	title = {Kyoto University Text Corpus Version 4.0},
	url = {http://nlp.ist.i.kyoto-u.ac.jp/EN/index.php?Kyoto%20University%20Text%20Corpus},
	note = {Last updated: 18th November, 2013}
}

@ONLINE{KWDLC,
	author = {Kurohashi and Kawahara Lab},
	title = {Kyoto University Web Document Leads Corpus},
	url = {http://nlp.ist.i.kyoto-u.ac.jp/EN/index.php?KWDLC},
	note = {Last updated: 9th June, 2016}
}

@inproceedings{Chen2015LongSM,
  title={Long Short-Term Memory Neural Networks for Chinese Word Segmentation},
  author={Xinchi Chen and Xipeng Qiu and Chenxi Zhu and Pengfei Liu and Xuanjing Huang},
  booktitle={EMNLP},
  year={2015}
}

@inproceedings{Yao2016BidirectionalLR,
  title={Bi-directional LSTM Recurrent Neural Network for Chinese Word Segmentation},
  author={Yushi Yao and Zheng Huang},
  booktitle={ICONIP},
  year={2016}
}

@inproceedings{Lafferty2001ConditionalRF,
  title={Conditional Random Fields: Probabilistic Models for Segmenting and Labeling Sequence Data},
  author={John D. Lafferty and Andrew McCallum and Fernando Pereira},
  booktitle={ICML},
  year={2001}
}

@inproceedings{Morita2015MorphologicalAF,
  title={Morphological Analysis for Unsegmented Languages using Recurrent Neural Network Language Model},
  author={Hajime Morita and Daisuke Kawahara and Sadao Kurohashi},
  booktitle={EMNLP},
  year={2015}
}

@article{Hochreiter1997LongSM,
  title = {Long Short-Term Memory},
  author = {Sepp Hochreiter and J\"{u}rgen Schmidhuber},
  journal = {Neural computation},
  year = {1997},
  volume = {9 8},
  pages = {1735-80}
}

@article{Schuster1997BidirectionalRN,
  title={Bidirectional recurrent neural networks},
  author={Mike Schuster and Kuldip K. Paliwal},
  journal={IEEE Trans. Signal Processing},
  year={1997},
  volume={45},
  pages={2673-2681}
}

@article{Kitagawa2017LongSM,
  title={Long Short-Term Memory for Japanese Word Segmentation},
  author={Yoshiaki Kitagawa and Mamoru Komachi},
  journal={CoRR},
  year={2017},
  volume={abs/1709.08011}
}

@article{Xu2003ChineseWS,
  title={Chinese Word Segmentation as Character Tagging},
  author={Nianwen Xu},
  journal={IJCLCLP},
  year={2003},
  volume={8}
}

@inproceedings{UchimotoyTheUW,
  title={The Unknown Word Problem: a Morphological Analysis of Japanese Using Maximum Entropy Aided by a Dictionary},
  author={Kiyotaka Uchimotoy and Satoshi Sekinez and Hitoshi Isaharay}
}

@article{Berger1996AME,
  title={A Maximum Entropy Approach to Natural Language Processing},
  author={Adam L. Berger and Stephen Della Pietra and Vincent J. Della Pietra},
  journal={Computational Linguistics},
  year={1996},
  volume={22},
  pages={39-71}
}

@inproceedings{Kudo2004ApplyingCR,
  title={Applying Conditional Random Fields to Japanese Morphological Analysis},
  author={Taku Kudo and Kaoru Yamamoto and Yuji Matsumoto},
  booktitle={EMNLP},
  year={2004}
}

@article{Kingma2014AdamAM,
  title={Adam: A Method for Stochastic Optimization},
  author={Diederik P. Kingma and Jimmy Ba},
  journal={CoRR},
  year={2014},
  volume={abs/1412.6980}
}

@article{Viterbi1967ErrorBF,
  title={Error bounds for convolutional codes and an asymptotically optimum decoding algorithm},
  author={Andrew J. Viterbi},
  journal={IEEE Trans. Information Theory},
  year={1967},
  volume={13},
  pages={260-269}
}

@article{Srivastava2014DropoutAS,
  title={Dropout: a simple way to prevent neural networks from overfitting},
  author={Nitish Srivastava and Geoffrey E. Hinton and Alex Krizhevsky and Ilya Sutskever and Ruslan Salakhutdinov},
  journal={Journal of Machine Learning Research},
  year={2014},
  volume={15},
  pages={1929-1958}
}

@inproceedings{Mikolov2013DistributedRO,
  title={Distributed Representations of Words and Phrases and their Compositionality},
  author={Tomas Mikolov and Ilya Sutskever and Kai Chen and Gregory S. Corrado and Jeffrey Dean},
  booktitle={NIPS},
  year={2013}
}

@inproceedings{Emerson2005TheSI,
  title={The Second International Chinese Word Segmentation Bakeoff},
  author={Thomas Emerson},
  year={2005}
}

@book{tukey,
	title={統計的多重比較法の基礎},
	author={永田靖 吉田道弘},
	year={1997},
	publisher={サイエンティスト社}
}
